<record><leader>00000cas a2200000 a 4500</leader><controlfield tag="001">17534443</controlfield><controlfield tag="008">880224d185u1852vtuwr ne      0    0eng d</controlfield><datafield ind1=" " ind2=" " tag="010"><subfield code="a">sn 88086050 </subfield></datafield><datafield ind1=" " ind2=" " tag="040"><subfield code="a">NPV</subfield><subfield code="b">eng</subfield><subfield code="c">NPV</subfield><subfield code="d">NVN</subfield><subfield code="d">OCLCQ</subfield><subfield code="d">OCLCF</subfield><subfield code="d">OCLCO</subfield></datafield><datafield ind1=" " ind2=" " tag="042"><subfield code="a">msc</subfield></datafield><datafield ind1=" " ind2=" " tag="043"><subfield code="a">n-us-vt</subfield></datafield><datafield ind1="0" ind2="4" tag="245"><subfield code="a">The North American citizen.</subfield></datafield><datafield ind1="1" ind2="3" tag="246"><subfield code="a">American citizen</subfield></datafield><datafield ind1=" " ind2=" " tag="260"><subfield code="a">Morrisville, Lamoille County, Vt. :</subfield><subfield code="b">J.A. Somerby</subfield></datafield><datafield ind1=" " ind2=" " tag="300"><subfield code="a">v.</subfield></datafield><datafield ind1=" " ind2=" " tag="310"><subfield code="a">Weekly</subfield></datafield><datafield ind1="1" ind2=" " tag="362"><subfield code="a">Ceased in June 1852?</subfield></datafield><datafield ind1=" " ind2=" " tag="588"><subfield code="a">Description based on: Vol. 4, no. 5 (Jan. 29, 1852).</subfield></datafield><datafield ind1=" " ind2="0" tag="651"><subfield code="a">Morrisville (Vt.)</subfield><subfield code="v">Newspapers.</subfield></datafield><datafield ind1=" " ind2="0" tag="651"><subfield code="a">Vermont</subfield><subfield code="v">Newspapers.</subfield></datafield><datafield ind1=" " ind2="7" tag="655"><subfield code="a">Newspapers.</subfield><subfield code="2">fast</subfield><subfield code="0">(OCoLC)fst01423814</subfield></datafield><datafield ind1=" " ind2="7" tag="651"><subfield code="a">Vermont.</subfield><subfield code="2">fast</subfield><subfield code="0">(OCoLC)fst01204305</subfield></datafield><datafield ind1=" " ind2="7" tag="651"><subfield code="a">Vermont</subfield><subfield code="z">Morrisville.</subfield><subfield code="2">fast</subfield><subfield code="0">(OCoLC)fst01219199</subfield></datafield><datafield ind1=" " ind2=" " tag="752"><subfield code="a">United States</subfield><subfield code="b">Vermont</subfield><subfield code="c">Lamoille</subfield><subfield code="d">Morrisville.</subfield></datafield><datafield ind1="0" ind2="0" tag="780"><subfield code="t">American citizen (Morrisville, Vt.)</subfield><subfield code="w">(DLC)sn 84023290</subfield><subfield code="w">(OCoLC)10815876</subfield></datafield><datafield ind1="0" ind2="0" tag="785"><subfield code="t">American observer (Morrisville, Vt.)</subfield><subfield code="w">(DLC)sn 84023220</subfield><subfield code="w">(OCoLC)10842514</subfield></datafield></record>